%Kinect
@MISC{filter12,
  author = {\eng{Microsoft}},
  title = {\eng{Skeletal Joint Smoothing White Paper}},
  source = \url{http://msdn.microsoft.com/en-us/library/jj131429.aspx},
  year = {2012},
}

@BOOK{jean13,
  author =       {\eng{Jared St. Jean}},
  title =        {\eng{Kinect Hacks}},
  publisher =    {\eng{O'Reilly}},
  year =         {2013}
}

@ARTICLE{shotton11,
  author =       {\eng{Jamie Shotton, Ross Girshick, Andrew Fitzgibbon Toby Sharp,
    Mat Cook, Mark Finocchio, Richard Moore, Pushmeet Kohli, Antonio Criminisi,
    Alex Kipman, Andrew Blake}},
  title =        {\eng{Efficient Human Pose Estimation from Single Depth Images}},
  year =         {2011}
}

@BOOK{mubarak97,
  author =       {\eng{Mubarak Shah}},
  title =        {\eng{Fundamentas of Computer Vision}},
  publisher =    {\eng{University of Central Florida}},
  year =         {1997}
}

@ARTICLE{poppe07,
  author =       {\eng{Ronald Poppe}},
  title =        {\eng{Vision-based human motion analysis: An overview}},
  journal =      {\eng{ScienceDirect}},
  year =         {2007}
}

@ARTICLE{thomas00,
  author =       {\eng{Thomas B. Moeslund, Erik Granum}},
  title =        {\eng{A Survey of Computer Vision-Based Human Motion Capture}},
  year =         {2000}
}

%rigid body
@Book{craig95,
  author =       {\eng{John J. Craig}},
  title = 	     {\eng{Introduction to Robotics Mechanics and Control}},
  publisher = 	 {\eng{Prentics Hall}},
  edition   =    {\eng{3rd}},
  year = 	     {1995}
}

@Book{sherman13,
  author =       {\eng{Michael Sherman}},
  title = 	     {\eng{SimTK Simbody Theory Manual}},
  publisher = 	 {\eng{Simbody}},
  year = 	     {2013}
}

@Book{doulgeri07,
  author    = {Δουλγερή},
  title     = {Ρομποτική Κινηματική, Δυναμική και Έλεγχος Αρθρωτών Βραχιόνων},
  publisher = {Κριτική},
  edition   = {1η},
  year      = {2007},
}
